@inproceedings{thorne2018fever,
  title={FEVER: A large-scale dataset for fact extraction and verification},
  author={Thorne, James and Vlachos, Andreas and Christodoulopoulos, Christos and Mittal, Arpit},
  booktitle={Proceedings of NAACL-HLT},
  pages={809--819},
  year={2018}
}

@inproceedings{aly2021feverous,
  title={FEVEROUS: Fact Extraction and VERification Over Unstructured and Structured information},
  author={Aly, Rami and others},
  booktitle={NeurIPS 2021 Datasets and Benchmarks Track},
  year={2021}
}

@inproceedings{hassan2015detecting,
  title={Detecting check-worthy factual claims in presidential debates},
  author={Hassan, Naeemul and Li, Chengkai and Tremayne, Mark},
  booktitle={Proceedings of the 24th ACM International Conference on Information and Knowledge Management},
  year={2015}
}

@inproceedings{nakov2023semeval,
  title={SemEval-2023 Task 3: Detecting the category, the framing, and the persuasion techniques in online news},
  author={Nakov, Preslav and others},
  booktitle={Proceedings of SemEval 2023},
  year={2023}
}

@article{hysonlab2025factagent,
  title={FactAgent: Towards Robust Fact-Checking with Multi-Agent Systems and Advanced Evidence Retrieval},
  author={HySonLab},
  journal={arXiv preprint},
  year={2025}
}

@article{openai2024gpt4,
  title={GPT-4 Technical Report},
  author={OpenAI},
  journal={arXiv preprint arXiv:2303.08774},
  year={2024}
}

@article{touvron2023llama,
  title={Llama 2: Open Foundation and Fine-Tuned Chat Models},
  author={Touvron, Hugo and others},
  journal={arXiv preprint arXiv:2307.09288},
  year={2023}
}

@article{wu2023autogen,
  title={AutoGen: Enabling Next-Gen LLM Applications via Multi-Agent Conversation},
  author={Wu, Qingyun and others},
  journal={arXiv preprint arXiv:2308.08155},
  year={2023}
}

@article{wang2024survey,
  title={A Survey on Large Language Model based Autonomous Agents},
  author={Wang, Lei and others},
  journal={Frontiers of Computer Science},
  year={2024}
}

@inproceedings{lewis2020retrieval,
  title={Retrieval-Augmented Generation for Knowledge-Intensive NLP Tasks},
  author={Lewis, Patrick and others},
  booktitle={NeurIPS 2020},
  year={2020}
}

@inproceedings{wadden2020scifact,
  title={Fact or Fiction: Verifying Scientific Claims},
  author={Wadden, David and others},
  booktitle={EMNLP 2020},
  year={2020}
}

@inproceedings{gao2023rarr,
  title={RARR: Researching and Revising What Language Models Say},
  author={Gao, Luyu and others},
  booktitle={EMNLP 2023},
  year={2023}
}

@inproceedings{manakul2023selfcheckgpt,
  title={SelfCheckGPT: Zero-Resource Black-Box Hallucination Detection},
  author={Manakul, Potsawee and Liusie, Adian and Gales, Mark JF},
  booktitle={EMNLP 2023},
  year={2023}
}

@article{zhang2023siren,
  title={Siren's Song in the AI Ocean: A Survey on Hallucination in Large Language Models},
  author={Zhang, Yue and others},
  journal={arXiv preprint},
  year={2023}
}

@misc{pydantic2024,
  title={Pydantic AI Documentation},
  author={Pydantic},
  year={2024},
  howpublished={\url{https://docs.pydantic.dev/}}
}

@misc{fastapi2024,
  title={FastAPI Documentation},
  author={FastAPI},
  year={2024},
  howpublished={\url{https://fastapi.tiangolo.com/}}
}

@book{huyen2022designing,
  title={Designing Machine Learning Systems},
  author={Huyen, Chip},
  year={2022},
  publisher={O'Reilly Media}
}

@techreport{wardle2017information,
  title={Information Disorder: Toward an interdisciplinary framework},
  author={Wardle, Claire and Derakhshan, Hossein},
  institution={Council of Europe},
  year={2017}
}

@book{benkler2018network,
  title={Network Propaganda: Manipulation, Disinformation, and Radicalization},
  author={Benkler, Yochai and Faris, Robert and Roberts, Hal},
  year={2018},
  publisher={Oxford University Press}
}

@article{weidinger2021ethical,
  title={Ethical and social risks of harm from Language Models},
  author={Weidinger, Laura and others},
  journal={arXiv preprint arXiv:2112.04359},
  year={2021}
}
