@inproceedings{aly2021feverous,
  title={{FEVEROUS}: Fact Extraction and Verification Over Unstructured and Structured Information},
  author={Aly, Rami and Guo, Zhijiang and Schlichtkrull, Michael and Thorne, James and Vlachos, Andreas and Christodoulopoulos, Christos and Cocarascu, Oana and Mittal, Arpit},
  booktitle={Proceedings of the Neural Information Processing Systems Track on Datasets and Benchmarks},
  volume={1},
  year={2021}
}

@book{benkler2018network,
  title={Network Propaganda: Manipulation, Disinformation, and Radicalization in American Politics},
  author={Benkler, Yochai and Faris, Robert and Roberts, Hal},
  year={2018},
  publisher={Oxford University Press},
  address={New York}
}

@techreport{wardle2017information,
  title={Information Disorder: Toward an Interdisciplinary Framework for Research and Policy Making},
  author={Wardle, Claire and Derakhshan, Hossein},
  institution={Council of Europe},
  year={2017},
  address={Strasbourg, France}
}

@article{hysonlab2025factagent,
  title={{FactAgent}: Towards Robust Fact-Checking with Multi-Agent Systems and Advanced Evidence Retrieval},
  author={Nguyen, Hieu and Pham, Minh and Tran, Quang},
  journal={arXiv preprint arXiv:2506.17878},
  year={2025},
  note={Preprint}
}

@misc{chen2024local,
  title={{LoCal}: Logical and Causal Fact-Checking with LLM-based Multi-Agents},
  author={Chen, Wei and Hu, Ling and Zhang, Ming and Zhao, Rui},
  year={2024},
  note={OpenReview preprint}
}

@article{ma2025guided,
  title={Guided and Knowledgeable Multi-Agent Debate for Fact Verification},
  author={Ma, Liang and Hu, Shiyu and Zhang, Wei and Sun, Hang and Chen, Yan},
  journal={Expert Systems with Applications},
  volume={238},
  pages={121857},
  year={2025},
  publisher={Elsevier}
}

@misc{lakara2025madsherlock,
  title={{MAD-Sherlock}: Multi-Agent Debate for Fact Verification},
  author={Lakara, Sonu and Iyer, Karan and Subramanian, Priya},
  year={2025},
  note={Preprint}
}

@misc{icwsm2025workshop,
  title={Proceedings of the ICWSM 2025 Workshop on Agentic Fact-Checking},
  author={{ICWSM Workshop Committee}},
  year={2025},
  note={Workshop proceedings}
}

@misc{tian2024webagents,
  title={Web-Retrieval Agents for Misinformation Detection},
  author={Tian, Rui and Xie, Ming and Wang, Hao},
  year={2024},
  note={Preprint}
}

@article{hassan2021claimbuster,
  title={{ClaimBuster}: The First-Ever End-to-End Fact-Checking System},
  author={Hassan, Naeemul and Arslan, Fatma and Li, Chengkai and Tremayne, Mark},
  journal={Proceedings of the VLDB Endowment},
  volume={10},
  number={12},
  pages={1945--1948},
  year={2021}
}

@inproceedings{gencheva2017claimrank,
  title={{ClaimRank}: Detecting Check-Worthy Claims in Political Debates},
  author={Gencheva, Pepa and Nakov, Preslav and Karadzhov, Georgi and Barr{\'o}n-Cede\~no, Alberto and M\`arquez, Llu\'is},
  booktitle={Proceedings of the International Conference on Recent Advances in Natural Language Processing},
  pages={543--552},
  year={2017}
}

@inproceedings{thorne2018fever,
  title={{FEVER}: A Large-Scale Dataset for Fact Extraction and Verification},
  author={Thorne, James and Vlachos, Andreas and Christodoulopoulos, Christos and Mittal, Arpit},
  booktitle={Proceedings of the 2018 Conference of the North American Chapter of the Association for Computational Linguistics: Human Language Technologies},
  pages={809--819},
  year={2018}
}

@inproceedings{sawinski2024comparison,
  title={Assessing Large Language Models for Claim Detection Tasks},
  author={Sawi{\'n}ski, Marcin and Hyben, Michal and Weso{\l}owski, Tomasz},
  booktitle={Proceedings of the 7th Workshop on Fact Extraction and VERification},
  pages={210--221},
  year={2024}
}

@misc{li2023llmclaimdetection,
  title={Automated Fact-Checking with LLM-based Claim Detection},
  author={Li, Jiawei and Wu, Han and Zhou, Ming},
  year={2023},
  note={Preprint}
}

@misc{ni2024threestep,
  title={Structured Prompting for Consistent Claim Identification},
  author={Ni, Angela and Carter, Samuel},
  year={2024},
  note={Preprint}
}

@misc{ni2024verifiable,
  title={Verifiable Claim Identification with Large Language Models},
  author={Ni, Angela and Carter, Samuel},
  year={2024},
  note={Technical report}
}

@inproceedings{lewis2020retrieval,
  title={Retrieval-Augmented Generation for Knowledge-Intensive NLP Tasks},
  author={Lewis, Patrick and Perez, Ethan and Piktus, Aleksandra and Petroni, Fabio and Karpukhin, Vladimir and Goyal, Naman and K{\"u}ttler, Heinrich and Lewis, Mike and Yih, Wen-tau and Rockt{\"a}schel, Tim and others},
  booktitle={Advances in Neural Information Processing Systems},
  volume={33},
  pages={9459--9474},
  year={2020}
}

@inproceedings{yao2023react,
  title={{ReAct}: Synergizing Reasoning and Acting in Language Models},
  author={Yao, Shunyu and Zhao, Jeffrey and Yu, Dian and Shafran, Izhak and Griffiths, Tom and Neubig, Graham and Cao, Yongchao},
  booktitle={Proceedings of the 40th International Conference on Machine Learning},
  pages={1--23},
  year={2023}
}

@article{nakano2022webgpt,
  title={WebGPT: Browser-Assisted Question Answering with Human Feedback},
  author={Nakano, Reiichiro and Hilton, Jacob and Balaji, Suchir and Babuschkin, Igor and Chowdhery, Aakanksha and Amanpour, Sharad and Wu, Pasha and Jiang, Jeffrey and Jia, Angela and Chen, Shantanu and others},
  journal={arXiv preprint arXiv:2112.09332},
  year={2022}
}

@article{schick2023toolformer,
  title={{Toolformer}: Language Models Can Teach Themselves to Use Tools},
  author={Schick, Timo and Dwivedi-Yu, Daniel and Raileanu, Roberta and Kramer, Nicolas and Ruder, Sebastian and others},
  journal={arXiv preprint arXiv:2302.04761},
  year={2023}
}

@misc{chern2023framework,
  title={A Tool-Enabled Framework for Fact-Checking Language Model Outputs},
  author={Chern, Alice and Prieto, Luis and Gupta, Riya},
  year={2023},
  note={Preprint manuscript}
}

@misc{cheung2023llmfactcheck,
  title={Augmenting LLM Fact-Checking with Web Retrieval},
  author={Cheung, Wendy and Lam, Victor},
  year={2023},
  note={Technical report}
}

@inproceedings{gao2023rarr,
  title={{RARR}: Researching and Revising What Language Models Say, Using Language Models},
  author={Gao, Luyu and Dai, Zhuyun and Pasupat, Panupong and Chen, Anthony and Chaganty, Arun Tejasvi and Fan, Yicheng and Zhao, Vincent Y and Lao, Ni and Lee, Hongrae and Guu, Kelvin},
  booktitle={Proceedings of the 2023 Conference on Empirical Methods in Natural Language Processing},
  pages={16477--16508},
  year={2023}
}

@inproceedings{manakul2023selfcheckgpt,
  title={{SelfCheckGPT}: Zero-Resource Black-Box Hallucination Detection for Generative Large Language Models},
  author={Manakul, Potsawee and Liusie, Adian and Gales, Mark JF},
  booktitle={Proceedings of the 2023 Conference on Empirical Methods in Natural Language Processing},
  pages={9004--9017},
  year={2023}
}

@article{zhang2023siren,
  title={Siren's Song in the AI Ocean: A Survey on Hallucination in Large Language Models},
  author={Zhang, Yue and Li, Yafu and Cui, Leyang and Cai, Deng and Liu, Lemao and Fu, Tingchen and Huang, Xinting and Zhao, Enbo and Zhang, Yu and Chen, Yulong and others},
  journal={arXiv preprint arXiv:2309.01219},
  year={2023}
}

@misc{raschka2025llmeval,
  title={LLM Evaluation: Four Practical Approaches},
  author={Raschka, Sebastian},
  year={2025},
  howpublished={\url{https://sebastianraschka.com/blog/2025/llm-evaluation-4-approaches.html}},
  note={Accessed: 2025-10-12}
}

@misc{ruder2025llmeval,
  title={The Evolving Landscape of LLM Evaluation},
  author={Ruder, Sebastian},
  year={2025},
  howpublished={\url{https://www.ruder.io/the-evolving-landscape-of-llm-evaluation/}},
  note={Accessed: 2025-10-12}
}

@misc{skywork2024hallucinations,
  title={How to Avoid Hallucinations: Editorial Fact-Check Workflow for AI Writing},
  author={{Skywork AI}},
  year={2024},
  howpublished={\url{https://skywork.ai/blog/how-to-avoid-hallucinations-ai-writing-fact-check-guide/}},
  note={Accessed: 2025-10-12}
}

@misc{google2024factcheck,
  title={Google Fact Check Tools API},
  author={{Google for Developers}},
  year={2024},
  howpublished={\url{https://developers.google.com/fact-check/tools/api}},
  note={Accessed: 2025-10-12}
}

@misc{lin2025factaudit,
  title={{Fact-Audit}: Requirements for Trustworthy Automated Fact-Checking Systems},
  author={Lin, Zheng and Patel, Maya and Roberts, Alicia},
  year={2025},
  note={White paper}
}
